@article{rusu2016progressive,
  title={Progressive neural networks},
  author={Rusu, Andrei A and Rabinowitz, Neil C and Desjardins, Guillaume and Soyer, Hubert and Kirkpatrick, James and Kavukcuoglu, Koray and Pascanu, Razvan and Hadsell, Raia},
  journal={arXiv preprint arXiv:1606.04671},
  year={2016},
  url = "https://arxiv.org/pdf/1606.04671"
}

@misc{1606.01540,
        Author = {Greg Brockman and Vicki Cheung and Ludwig Pettersson and Jonas Schneider and John Schulman and Jie Tang and Wojciech Zaremba},
        Title = {OpenAI Gym},
        Year = {2016},
        Eprint = {arXiv:1606.01540},
       url = "https://github.com/openai/gym"
}

@inproceedings{chainer_learningsys2015,
  author       = "Tokui, Seiya and Oono, Kenta and Hido, Shohei and Clayton, Justin",
  title        = "Chainer: a Next-Generation Open Source Framework for Deep Learning",
  booktitle    = "Proceedings of Workshop on Machine Learning Systems (LearningSys) in The Twenty-ninth Annual Conference on Neural Information Processing Systems (NIPS)",
  year         = "2015",
  url          = "http://learningsys.org/papers/LearningSys_2015_paper_33.pdf"
}